<record><leader>00000cas a2200000 a 4500</leader><controlfield tag="001">13663434</controlfield><controlfield tag="008">860530d18901928moudr ne      0    0eng d</controlfield><datafield ind1=" " ind2=" " tag="010"><subfield code="a">sn 86063608 </subfield></datafield><datafield ind1=" " ind2=" " tag="040"><subfield code="a">KSH</subfield><subfield code="b">eng</subfield><subfield code="c">KSH</subfield><subfield code="d">NPT</subfield><subfield code="d">MQN</subfield><subfield code="d">OCL</subfield><subfield code="d">OCLCQ</subfield></datafield><datafield ind1=" " ind2=" " tag="042"><subfield code="a">msc</subfield></datafield><datafield ind1="0" ind2=" " tag="130"><subfield code="a">Chillicothe constitution (Chillicothe, Mo. : 1890 : Daily)</subfield></datafield><datafield ind1="1" ind2="4" tag="245"><subfield code="a">The Chillicothe constitution.</subfield></datafield><datafield ind1=" " ind2=" " tag="260"><subfield code="a">Chillicothe, Mo. :</subfield><subfield code="b">Constitution Steam Print. Co.</subfield></datafield><datafield ind1=" " ind2=" " tag="300"><subfield code="a">v.</subfield></datafield><datafield ind1=" " ind2=" " tag="310"><subfield code="a">Daily</subfield></datafield><datafield ind1="1" ind2=" " tag="362"><subfield code="a">Began in 1890.</subfield></datafield><datafield ind1="0" ind2=" " tag="362"><subfield code="a">-v. 35 (Feb. 29, 1928).</subfield></datafield><datafield ind1=" " ind2=" " tag="500"><subfield code="a">Published by Chillicothe Constitution Print. and Pub. Co., &lt;Dec. 30, 1924&gt;-</subfield></datafield><datafield ind1=" " ind2=" " tag="515"><subfield code="a">Numbering irregular; issue numbering dropped during latter portion of publication.</subfield></datafield><datafield ind1=" " ind2=" " tag="580"><subfield code="a">Other eds.: Chillicothe semi-weekly constitution, Dec. 7, 1890-Feb. 23, 1899; Chillicothe constitution (Chillicothe, Mo. : 1899 : Weekly ed.), Feb. 27, 1899-Feb. 23, 1928.</subfield></datafield><datafield ind1=" " ind2=" " tag="588"><subfield code="a">Description based on: New ser., vol. 4, no. 234 (Dec. 7, 1890).</subfield></datafield><datafield ind1=" " ind2="4" tag="651"><subfield code="a">Chillicothe (Mo.)</subfield><subfield code="v">Newspapers.</subfield></datafield><datafield ind1=" " ind2=" " tag="752"><subfield code="a">United States</subfield><subfield code="b">Missouri</subfield><subfield code="c">Livingston</subfield><subfield code="d">Chillicothe.</subfield></datafield><datafield ind1="1" ind2=" " tag="775"><subfield code="t">Chillicothe semi-weekly constitution</subfield><subfield code="w">(DLC)sn 89066149</subfield></datafield><datafield ind1="1" ind2=" " tag="775"><subfield code="t">Chillicothe constitution (Chillicothe, Mo. : 1899 : Weekly ed.)</subfield><subfield code="w">(DLC)sn 89066150</subfield></datafield><datafield ind1="0" ind2="0" tag="780"><subfield code="t">Chillicothe daily constitution</subfield><subfield code="w">(DLC)sn 89066155</subfield></datafield><datafield ind1="0" ind2="7" tag="785"><subfield code="t">Chillicothe daily tribune</subfield><subfield code="w">(DLC)sn 89066159</subfield></datafield><datafield ind1="0" ind2="7" tag="785"><subfield code="t">Constitution-tribune (Chillicothe, Mo. : 1928 : Daily ed.)</subfield><subfield code="w">(DLC)sn 89066151</subfield></datafield><datafield ind1="1" ind2=" " tag="029"><subfield code="a">AU@</subfield><subfield code="b">000020553960</subfield></datafield></record>